<record><leader>00000cas a22000007a 4500</leader><controlfield tag="001">9994330</controlfield><controlfield tag="008">831008d18471848ohuwr ne      0    0eng d</controlfield><datafield ind1=" " ind2=" " tag="010"><subfield code="a">sn 83035505 </subfield></datafield><datafield ind1=" " ind2=" " tag="040"><subfield code="a">NPY</subfield><subfield code="b">eng</subfield><subfield code="c">NPY</subfield><subfield code="d">DLC</subfield><subfield code="d">ONP</subfield><subfield code="d">OCL</subfield><subfield code="d">OCLCF</subfield><subfield code="d">OCLCO</subfield></datafield><datafield ind1="1" ind2=" " tag="029"><subfield code="a">AU@</subfield><subfield code="b">000020128237</subfield></datafield><datafield ind1=" " ind2=" " tag="042"><subfield code="a">msc</subfield></datafield><datafield ind1="0" ind2="4" tag="245"><subfield code="a">The Homestead journal, and village register.</subfield></datafield><datafield ind1=" " ind2=" " tag="260"><subfield code="a">Salem, Columbiana County, Ohio :</subfield><subfield code="b">A. Hinchman,</subfield><subfield code="c">1847-1848.</subfield></datafield><datafield ind1=" " ind2=" " tag="300"><subfield code="a">v.</subfield></datafield><datafield ind1=" " ind2=" " tag="310"><subfield code="a">Weekly</subfield></datafield><datafield ind1="0" ind2=" " tag="362"><subfield code="a">New ser., vol. 1, no. 2 (June 30, 1847)-new ser., v. 1, no. 52 (June 21, 1848) = whole no. 271-whole no. 321.</subfield></datafield><datafield ind1=" " ind2=" " tag="500"><subfield code="a">"A family newspaper, devoted to the advocacy of man's natural right to the soil, to the abolishment of all slavery, morality, news, general intelligence, literature, science, agriculture, temperance, health, etc."</subfield></datafield><datafield ind1=" " ind2=" " tag="500"><subfield code="a">"Land reform."</subfield></datafield><datafield ind1=" " ind2="0" tag="650"><subfield code="a">Slavery</subfield><subfield code="z">Ohio</subfield><subfield code="z">Salem</subfield><subfield code="v">Newspapers.</subfield></datafield><datafield ind1=" " ind2="0" tag="650"><subfield code="a">Temperance</subfield><subfield code="z">Ohio</subfield><subfield code="v">Newspapers.</subfield></datafield><datafield ind1=" " ind2="7" tag="655"><subfield code="a">Newspapers.</subfield><subfield code="2">fast</subfield><subfield code="0">(OCoLC)fst01423814</subfield></datafield><datafield ind1=" " ind2="7" tag="650"><subfield code="a">Slavery.</subfield><subfield code="2">fast</subfield><subfield code="0">(OCoLC)fst01120426</subfield></datafield><datafield ind1=" " ind2="7" tag="650"><subfield code="a">Temperance.</subfield><subfield code="2">fast</subfield><subfield code="0">(OCoLC)fst01147309</subfield></datafield><datafield ind1=" " ind2="7" tag="651"><subfield code="a">Ohio.</subfield><subfield code="2">fast</subfield><subfield code="0">(OCoLC)fst01205075</subfield></datafield><datafield ind1=" " ind2="7" tag="651"><subfield code="a">Ohio</subfield><subfield code="z">Salem.</subfield><subfield code="2">fast</subfield><subfield code="0">(OCoLC)fst01223494</subfield></datafield><datafield ind1="1" ind2=" " tag="700"><subfield code="a">Hinchman, Aaron.</subfield></datafield><datafield ind1=" " ind2=" " tag="752"><subfield code="a">United States</subfield><subfield code="b">Ohio</subfield><subfield code="c">Columbiana</subfield><subfield code="d">Salem.</subfield></datafield><datafield ind1="0" ind2="4" tag="780"><subfield code="t">Village register (Salem, Ohio)</subfield><subfield code="w">(DLC)sn 83035504</subfield></datafield><datafield ind1="0" ind2="4" tag="780"><subfield code="t">Homestead journal (Salem, Ohio : 1847)</subfield><subfield code="w">(DLC)sn 91069913</subfield></datafield><datafield ind1="0" ind2="0" tag="785"><subfield code="t">Homestead journal (Salem, Ohio : 1848)</subfield><subfield code="w">(DLC)sn 83035506</subfield></datafield></record>